% Depending on the style used, some manual editing of this
% .bib file, or the original entries in Zotero is necessary.
% For example, AJS requires full author names (not initals), and
% prefers web pages be referenced in footnotes, not in the bibliography.
% AJS also prefers headline style capitalization (All Words Except
% Articles like a, and an)

%%%%%%%%%%%%%%%%%%%%%%%%%%%%%%%%%%%%%%%%%%%%%%%%%%%%%%%%%%%%%%%%%%%%%%%%

@article{Shaw1991,
  author    = {Shaw, CG. and Kile, G.A},
  year      = {1991},
  title     = {Armillaria Root Disease. Agriculture Handbook},
  journal   = {Agricultural Handbook No. 691},
  publisher = {Washington,DC: USDA Forest Service}
}

@article{Labbe2017,
  author    = {F. Labbé  and MC. Fontaine and C. Robin and C. Dutech},
  year      = {2017},
  title     = {Genetic signatures of variation in population size in a native fungal pathogen after the recent massive plantation of its host tree},
  journal   = {Heredity},
  number = {119},
  pages = {402--410},
  publisher = {Washington,DC: USDA Forest Service},
  doi = {10.1038/hdy.2017.58}
}

@article{Taylor2000,
  title = {Phylogenetic species recognition and species concepts in fungi},
  author = {JW. Taylor and DJ. Jacobson and S. Kroken and T. Kasuga and DM. Geiser and DS. Hibbett and MC. Fisher},
  year = {2000},
  doi = {10.1006/fgbi.2000.1228},
  volume = {31},
  pages = {21--32},
  journal = {Fungal Genetics and Biology},
  issn = {1087-1845},
  publisher = {Academic Press Inc.},
  number = {1}
}

@article{Tsykun2013,
  author = {Tsykun, T. and Rigling, D. and Prospero, S.},
  year = {2013},
  pages = {1059--1076},
  title = {A new multilocus approach fora reliable DNA-based identification of Armillaria species},
  volume = {105},
  number = {4},
  journal = {Mycologia},
  doi = {10.3852/12-209}
}

@article{Kim2006,
  author = {Kim, Mee-Sook and Klopfenstein, Ned and Hanna, John and McDonald, G.I.},
  year = {2006},
  month = {06},
  pages = {145-164},
  title = {Characterization of North American Armillaria species: Genetic relationships determined by ribosomal DNA sequences and AFLP markers},
  volume = {36},
  journal = {Forest Pathology},
  doi = {10.1111/j.1439-0329.2006.00441.x}
}

@article{Coetzee2003,
  author = {Coetzee, Martin and Wingfield, Brenda and Bloomer, Paulette and Ridley, Geoff and Wingfield, Michael},
  year = {2003},
  month = {03},
  pages = {285-293},
  title = {Molecular identification and phylogeny of Armillaria isolates from South America and Indo-Malaysia},
  volume = {95},
  journal = {Mycologia},
  doi = {10.1080/15572536.2004.11833113}
}

@article{Tsykun2017,
  author = {Tsykun, Tetyana and Rellstab, Christian and Dutech, Cyril and Sipos, György and Prospero, Simone},
  year = {2017},
  month = {08},
  pages = {},
  title = {Comparative assessment of SSR and SNP markers for inferring the population genetic structure of the common fungus Armillaria cepistipes},
  volume = {119},
  journal = {Heredity},
  doi = {10.1038/hdy.2017.48}
}

@article {Schoch2012,
	author = {Schoch, Conrad L. and Seifert, Keith A. and Huhndorf, Sabine and Robert, Vincent and Spouge, John L. and Levesque, C. André and Chen, Wen},
	title = {Nuclear ribosomal internal transcribed spacer (ITS) region as a universal DNA barcode marker for Fungi},
	volume = {109},
	number = {16},
	pages = {6241--6246},
	year = {2012},
	doi = {10.1073/pnas.1117018109},
	publisher = {National Academy of Sciences},
	issn = {0027-8424},
	URL = {https://www.pnas.org/content/109/16/6241},
	eprint = {https://www.pnas.org/content/109/16/6241.full.pdf},
	journal = {Proceedings of the National Academy of Sciences}
}

@article{Tamura2011,
    author = {Tamura, Koichiro and Peterson, Daniel and Peterson, Nicholas and Stecher, Glen and Nei, Masatoshi and Kumar, Sudhir},
    title = "{MEGA5: Molecular Evolutionary Genetics Analysis Using Maximum Likelihood, Evolutionary Distance, and Maximum Parsimony Methods}",
    journal = {Molecular Biology and Evolution},
    volume = {28},
    number = {10},
    pages = {2731-2739},
    year = {2011},
    month = {10},
    issn = {0737-4038},
    doi = {10.1093/molbev/msr121},
    url = {https://doi.org/10.1093/molbev/msr121},
    eprint = {https://academic.oup.com/mbe/article-pdf/28/10/2731/2954190/msr121.pdf},
}

@article{Chillali1998,
  title = {Variation in the ITS and IGS regions of ribosomal DNA among the biological species of European Armillaria},
  journal = {Mycological Research},
  volume = {102},
  number = {5},
  pages = {533-540},
  year = {1998},
  issn = {0953-7562},
  doi = {https://doi.org/10.1017/S0953756297005315},
  url = {https://www.sciencedirect.com/science/article/pii/S0953756208609120},
  author = {M. Chillali and H. Idder-Ighili and J.J. Guillaumin and C. Mohammed and B. Lung Escarmant and B. Botton}
}

@article{Sober2004,
    author = {Sober, Elliott},
    title = "{The Contest Between Parsimony and Likelihood}",
    journal = {Systematic Biology},
    volume = {53},
    number = {4},
    pages = {644-653},
    year = {2004},
    month = {08},
    issn = {1063-5157},
    doi = {10.1080/10635150490468657},
    url = {https://doi.org/10.1080/10635150490468657},
    eprint = {https://academic.oup.com/sysbio/article-pdf/53/4/644/24197599/53-4-644.pdf},
}

@article {Gardes1993,
	Title = {ITS primers with enhanced specificity for basidiomycetes--application to the identification of mycorrhizae and rusts},
	Author = {Gardes, M and Bruns, TD},
	DOI = {10.1111/j.1365-294x.1993.tb00005.x},
	Number = {2},
	Volume = {2},
	Month = {April},
	Year = {1993},
	Journal = {Molecular ecology},
	ISSN = {0962-1083},
	Pages = {113—118},
	URL = {https://doi.org/10.1111/j.1365-294x.1993.tb00005.x},
}

@article{Guillaumin1991,
    author = {Guillaumin, J.J. and Anderson, J.B. and Korhonen, K.},
    year = {1991},
    month = {01},
    pages = {10-20},
    title = {Life cycle, interfertility, and biological species},
    journal = {Armillaria Root Disease}
}

@article {Edgar2004,
	Title = {MUSCLE: a multiple sequence alignment method with reduced time and space complexity},
	Author = {Edgar, Robert C},
	DOI = {10.1186/1471-2105-5-113},
	Volume = {5},
	Month = {August},
	Year = {2004},
	Journal = {BMC bioinformatics},
	ISSN = {1471-2105},
	Pages = {113},
	URL = {https://europepmc.org/articles/PMC517706}
}

@article{Saitou1987,
  title = {The neighbor-joining method: a new method for reconstructing phylogenetic trees.},
  author = {N. Saitou and M. Nei},
  journal = {Molecular biology and evolution},
  year = {1987},
  volume = {4 4},
  pages = {406-25}
}

@article{Meiklejohn2019,
  author = {Meiklejohn, Kelly and Damaso, Natalie and Robertson, James},
  year = {2019},
  month = {06},
  pages = {e0217084},
  title = {Assessment of BOLD and GenBank – Their accuracy and reliability for the identification of biological materials},
  volume = {14},
  journal = {PLOS ONE},
  doi = {10.1371/journal.pone.0217084}
}

@article{Bergsten2005,
  author = {Bergsten, Johannes},
  title = {A review of long-branch attraction},
  journal = {Cladistics},
  volume = {21},
  number = {2},
  pages = {163-193},
  doi = {https://doi.org/10.1111/j.1096-0031.2005.00059.x},
  url = {https://onlinelibrary.wiley.com/doi/abs/10.1111/j.1096-0031.2005.00059.x},
  eprint = {https://onlinelibrary.wiley.com/doi/pdf/10.1111/j.1096-0031.2005.00059.x},
  year = {2005}
}

@article{Arnold2016,
    author = {Arnold, Christian and Bhat, Pooja and Zaugg, Judith B.},
    title = "{SNPhood: investigate, quantify and visualise the epigenomic neighbourhood of SNPs using NGS data}",
    journal = {Bioinformatics},
    volume = {32},
    number = {15},
    pages = {2359-2360},
    year = {2016},
    month = {03},
    issn = {1367-4803},
    doi = {10.1093/bioinformatics/btw127},
    url = {https://doi.org/10.1093/bioinformatics/btw127},
}

@article{Granato2018,
  author = {Granato, Italo and Galli, Giovanni and Couto, Evellyn and Sousa,   Massaine and Mendonça, Leandro and Fritsche-Neto, Roberto},
  year = {2018},
  month = {07},
  pages = {},
  title = {snpReady: a tool to assist breeders in genomic analysis},
  volume = {38},
  journal = {Molecular Breeding},
  doi = {10.1007/s11032-018-0844-8}
}

@article {Lang2021,
	author = {Lang, Tiange and Abadie, Pierre and L{\'e}ger, Val{\'e}rie and Decourcelle, Thibaut and Frigerio, Jean-Marc and Burban, Christian and Bod{\'e}n{\`e}s, Catherine and Guichoux, Erwan and Le Provost, Gr{\'e}goire and Robin, C{\'e}cile and Tani, Naoki and L{\'e}ger, Patrick and Lepoittevin, Camille and El Mujtar, Veronica A. and Hubert, Fran{\c c}ois and Tibbits, Josquin and Paiva, Jorge and Franc, Alain and Raspail, Fr{\'e}d{\'e}ric and Mariette, St{\'e}phanie and Reviron, Marie-Pierre and Plomion, Christophe and Kremer, Antoine and Desprez-Loustau, Marie-Laure and Garnier-G{\'e}r{\'e}, Pauline},
	title = {High-quality SNPs from genic regions highlight introgression patterns among European white oaks (Quercus petraea and Q. robur)},
	elocation-id = {388447},
	year = {2021},
	doi = {10.1101/388447},
	publisher = {Cold Spring Harbor Laboratory},
	URL = {https://www.biorxiv.org/content/early/2021/01/15/388447},
	eprint = {https://www.biorxiv.org/content/early/2021/01/15/388447.full.pdf},
	journal = {bioRxiv}
}

@article{Park2018,
  author = {Park, Ki Hyeong and Oh, Seung-Yoon and Park, Myung Soo and Kim, Mee-Sook and Klopfenstein, Ned B. and Kim, Nam Kyu and Park, Jae Young and Kim, Jae-Jin and Han, Sang-Kuk and Lee, Jong Kyu and Lim, Young Woon},
  title = {Re-evaluation of Armillaria and Desarmillaria in South Korea based on ITS/tef1 sequences and morphological characteristics},
  journal = {Forest Pathology},
  volume = {48},
  number = {6},
  pages = {e12447},
  keywords = {Armillaria, Desarmillaria, eDNA, ITS, Rhizomorph, tef1},
  doi = {https://doi.org/10.1111/efp.12447},
  url = {https://onlinelibrary.wiley.com/doi/abs/10.1111/efp.12447},
  eprint = {https://onlinelibrary.wiley.com/doi/pdf/10.1111/efp.12447},
  year = {2018}
}

@book{Beth1954,
  title={Le Paradoxe du "sorite" d'Eubulide de M{\'e}gare},
  author={Beth, E.W.},
  series={La Vie, la pens{\'e}e (Actes du congr{\`e}s des soci{\'e}t{\'e}s de philosophie de langue fran{\c{c}}aise). [Offprint]},
  url={https://books.google.fr/books?id=5g2hHAAACAAJ},
  year={1954},
  publisher={Presses Universitaires de France}
}

@book{Lherminier2005,
  author = {Lherminier, Philippe and Solignac, Michel},
  title = {De l'espèce},
  publisher = {Éditions Syllepse},
  year = {2005}
}

@article{Hart2011,
  author = {Hart, Michael W.},
  title = {The species concept as an emergent property of population biology},
  journal = {Evolution},
  volume = {65},
  number = {3},
  pages = {613-616},
  keywords = {Metapopulation lineage, speciation, species delimitation, unified species concept},
  doi = {https://doi.org/10.1111/j.1558-5646.2010.01202.x},
  url = {https://onlinelibrary.wiley.com/doi/abs/10.1111/j.1558-5646.2010.01202.x},
  eprint = {https://onlinelibrary.wiley.com/doi/pdf/10.1111/j.1558-5646.2010.01202.x},
  year = {2011}
}

